%% This BibTeX bibliography file was created using BibDesk.
%% http://bibdesk.sourceforge.net/

%% Created for 31023 at 2019-04-01 16:12:54 +0800 


%% Saved with string encoding Unicode (UTF-8) 



@article{14,
	Annote = {doi: 10.1119/1.18177},
	Author = {Wong,Chun Wa},
	Booktitle = {American Journal of Physics},
	Da = {1996/06/01},
	Date = {1996/06/01},
	Date-Added = {2019-04-01 08:12:29 +0000},
	Date-Modified = {2019-04-01 08:12:39 +0000},
	Doi = {10.1119/1.18177},
	Isbn = {0002-9505},
	Journal = {American Journal of Physics},
	Journal1 = {American Journal of Physics},
	M3 = {doi: 10.1119/1.18177},
	Month = {2019/04/01},
	Number = {6},
	Pages = {792--799},
	Publisher = {American Association of Physics Teachers},
	Title = {Nonspreading wave packets},
	Ty = {JOUR},
	Url = {https://doi.org/10.1119/1.18177},
	Volume = {64},
	Year = {1996},
	Year1 = {1996},
	Bdsk-Url-1 = {https://doi.org/10.1119/1.18177},
	Bdsk-Url-2 = {http://dx.doi.org/10.1119/1.18177}}
